@online{donner,
  author = {Tobias Donner},
  title = {From Cavity QED to Quantum Phase Transitions - IDEA League summer school ETH 2015},
  howpublished = "\url{https://tinyurl.com/y39puahj}",
  note = "last accessed 18/03/19"
}

@article{cold_atoms,
  title = {Cold atoms in cavity-generated dynamical optical potentials},
  author = {Ritsch, Helmut and Domokos, Peter and Brennecke, Ferdinand and Esslinger, Tilman},
  journal = {Rev. Mod. Phys.},
  volume = {85},
  issue = {2},
  pages = {553--601},
  numpages = {0},
  year = {2013},
  month = {Apr},
  publisher = {American Physical Society},
  doi = {10.1103/RevModPhys.85.553},
  url = {https://link.aps.org/doi/10.1103/RevModPhys.85.553}
}

@Article{Nagy2008,
author="Nagy, D.
and Szirmai, G.
and Domokos, P.",
title="Self-organization of a Bose-Einstein condensate  in an optical cavity",
journal="The European Physical Journal D",
year="2008",
month="Jun",
day="01",
volume="48",
number="1",
pages="127--137",
abstract="The spatial self-organization of a Bose-Einstein condensate (BEC) in a high-finesse linear optical cavity is discussed. The condensate atoms are laser-driven from the side and scatter photons into the cavity. Above a critical pump intensity the homogeneous condensate evolves into a stable pattern bound by the cavity field. The transition point is determined analytically from a mean-field theory. We calculate the lowest lying Bogoliubov excitations of the coupled BEC-cavity system and the quantum depletion due to the atom-field coupling.",
issn="1434-6079",
doi="10.1140/epjd/e2008-00074-6",
url="https://doi.org/10.1140/epjd/e2008-00074-6"
}

@ARTICLE{jaynes,
author={E. T. {Jaynes} and F. W. {Cummings}},
journal={Proceedings of the IEEE},
title={Comparison of quantum and semiclassical radiation theories with application to the beam maser},
year={1963},
volume={51},
number={1},
pages={89-109},
keywords={Quantum mechanics;Masers;Frequency;Electromagnetic radiation;Stability;Noise level;Electromagnetic fields;Tellurium;Energy exchange;Coherence},
doi={10.1109/PROC.1963.1664},
ISSN={0018-9219},
month={Jan},}

@online{collapseandrevival,
  author = {Thomas R. Shafer},
  title = {Collapse and Revival in the Jaynes-Cummings-Paul Model},
  howpublished = "\url{https://uncw.edu/phy/documents/shafer499talk.pdf}",
  note = "last accessed 18/03/19"
}

@book{fox,
  Author = {Mark Fox},
  Title = {Quantum Optics: An Introduction (Oxford Master Series in Physics)},
  Publisher = {Oxford University Press},
  Year = {2006},
  ISBN = {0198566727},
  URL = {https://www.amazon.com/Quantum-Optics-Introduction-Oxford-Physics/dp/0198566727?SubscriptionId=AKIAIOBINVZYXZQZ2U3A&tag=chimbori05-20&linkCode=xm2&camp=2025&creative=165953&creativeASIN=0198566727}
}

@online{bertlmann,
  author = {Reinhold A. Bertlmann},
  title = {Theoretical Physics T2 Quantum Mechanics},
  howpublished = "\url{http://tinyurl.com/y5rxd3mb}",
  note = "last accessed 18/03/19"
}

@article{qojulia,
title = "QuantumOptics.jl: A Julia framework for simulating open quantum systems",
journal = "Computer Physics Communications",
volume = "227",
pages = "109 - 116",
year = "2018",
issn = "0010-4655",
doi = "https://doi.org/10.1016/j.cpc.2018.02.004",
url = "http://www.sciencedirect.com/science/article/pii/S0010465518300328",
author = "Sebastian Kr{\"a}mer and David Plankensteiner and Laurin Ostermann and Helmut Ritsch",
keywords = "Quantum optics, Quantum mechanics, Numerics, Julia language",
}

@online{documentation,
  title = {QuantumOptics.jl Documentation},
  howpublished = "\url{https://qojulia.org/documentation/}",
  note = "last accessed 18/03/19"
}

@article{julialang,
  doi = {10.1137/141000671},
  url = {https://doi.org/10.1137/141000671},
  year = {2017},
  month = jan,
  publisher = {Society for Industrial {\&} Applied Mathematics ({SIAM})},
  volume = {59},
  number = {1},
  pages = {65--98},
  author = {Jeff Bezanson and Alan Edelman and Stefan Karpinski and Viral B. Shah},
  title = {Julia: A Fresh Approach to Numerical Computing},
  journal = {{SIAM} Review}
}

@article{quantum_sanchez,
title = "Quantum simulation: From basic principles to applications: Foreword",
journal = "Comptes Rendus Physique",
volume = "19",
number = "6",
pages = "357 - 364",
year = "2018",
note = "Quantum simulation / Simulation quantique",
issn = "1631-0705",
doi = "https://doi.org/10.1016/j.crhy.2018.11.005",
url = "http://www.sciencedirect.com/science/article/pii/S1631070518301245",
author = "Laurent Sanchez-Palencia"
}
